
@article {FS1,
    AUTHOR = {Farley, Daniel S. and Sabalka, Lucas},
     TITLE = {Discrete Morse Theory and graph braid groups},
   JOURNAL = {Algebr. Geom. Topol.},
  FJOURNAL = {Algebraic and Geometric Topology},
    VOLUME = {5},
      YEAR = {2005},
    NUMBER = {3},
     PAGES = {1079--1085 (electronic)},
      ISSN = {1472-2747},
}
@article {RFor,
    AUTHOR = {Forman, Robin},
     TITLE = {Morse theory for cell complexes},
   JOURNAL = {Adv. Math.},
  FJOURNAL = {Advances in Mathematics},
    VOLUME = {134},
      YEAR = {1998},
    NUMBER = {1},
     PAGES = {90--145},
      ISSN = {0001-8708},
}

@article{KAPMIL,
    AUTHOR = {Kapovich, Michael and Millson, John},
     TITLE = {On the Moduli Space of Polygons in the Euclidean plane},
   JOURNAL = {J. Differential Geom.},
  FJOURNAL = {Journal of Differential Geometry},
    NUMBER = {1},
    VOLUME = {42},
      YEAR = {1995},
     PAGES = {133--164},
 PUBLISHER = {Lehigh University},

}
@article{PANZU,
    AUTHOR = {Panina, Gaiane and Zhukova, Alena },
     TITLE = {Discrete Morse theory for Moduli Spaces of Flexible Polygons, or Solitaire Game on the Circle},
   JOURNAL = {ArXiv e-prints},
    EPRINT = {1504.05139},
      YEAR = {2015},
}

