%%%%%%%%%%%%%%%%%%%%
%%%Contents:
%%% 6. 2009_Notes
%%% 5. Higher dimensional Thompson groups and the Haagerup property
%%% 4. Local similarities and the haagerup property
%%% 3. Splitting forget control maps over nonpositively curved manifolds
%%% 2. Trees, ultrametrics, and noncommutative geometry
%%% 1. Some of my papers and books (should eventually be all)
%%%%%%%%%%%%%%%%%%%%%%%%%%%%%%%%%%%%%%%%%%%%%%%%%%%%%%%

%%% 6. 2009_Notes

@article {Bleak1,
    AUTHOR = {Bleak, Collin and Salazar-D{\'{\i}}az, Olga},
     TITLE = {Free products in {R}. {T}hompson's group {$V$}},
   JOURNAL = {Trans. Amer. Math. Soc.},
  FJOURNAL = {Transactions of the American Mathematical Society},
    VOLUME = {365},
      YEAR = {2013},
    NUMBER = {11},
     PAGES = {5967--5997},
      ISSN = {0002-9947},
   MRCLASS = {20F65 (20E06 37C85)},
  MRNUMBER = {3091272},
MRREVIEWER = {Andriy S. Ol{\={\i}}{\u\i}nik},
       DOI = {10.1090/S0002-9947-2013-05823-0},
       URL = {http://dx.doi.org/10.1090/S0002-9947-2013-05823-0},
}

@article {CannJ,
    AUTHOR = {Cannon, J.W and Floyd, W.J and Parry, W. R},
     TITLE = {Introductory Notes on Richard Thompson's Groups},
   JOURNAL = {L Enseignement Mathematique},
  FJOURNAL = {L Enseignement Mathematique. Revue Internationale lle Serie},
    VOLUME = {42},
      YEAR = {1996},
     PAGES = {215--256},
      ISSN = {0013-8584},
  MRNUMBER = {MR1426438 (98g:20058)},
MRREVIEWER = {Michael L. Mihalik},
}

@article {Farley,
    AUTHOR = {Farley, Daniel},
     TITLE = {Local Similarity Groups with Context-free Co-word Problem},

  YEAR = {Unpublished},
}

@article {Hughes1,
    AUTHOR = {Hughes, Bruce},
     TITLE = {Local similarities and the {H}aagerup property},
      NOTE = {With an appendix by Daniel S. Farley},
   JOURNAL = {Groups Geom. Dyn.},
  FJOURNAL = {Groups, Geometry, and Dynamics},
    VOLUME = {3},
      YEAR = {2009},
    NUMBER = {2},
     PAGES = {299--315},
      ISSN = {1661-7207},
   MRCLASS = {20F65 (22D10 54E45)},
  MRNUMBER = {2486801 (2009m:20066)},
MRREVIEWER = {Piotr W. Nowak},
       DOI = {10.4171/GGD/58},
       URL = {http://dx.doi.org/10.4171/GGD/58},
}

@BOOK{Schu,
	    AUTHOR = "Lyndon, Roger C. and Schupp, Paul E.",
	    TITLE = "Combinatorial Group Theory",
	    PUBLISHER = {Springer Science and Business Media},
	    YEAR = 2001}


@article {FarleyHughes,
    AUTHOR = {Farley, Daniel and Hughes, Bruce},
     TITLE = {Braided Diagram Groups and Local Similarity Groups},
     
      YEAR = {2013},     
 }		

@article {Witza,
    AUTHOR = {Witzel, Stefan and Zaremsky, Mathew C.B.},
     TITLE = {Thompson Groups for Systems of Groups, and their Finiteness Properties},
   JOURNAL = {arXiv:1405.5491, 48 pages},
  
      YEAR = {2014},
 }

@article {Lehnert,
    AUTHOR = {Lehnert, J. and Schweitzer, P.},
     TITLE = {The co-word problem for the {H}igman-{T}hompson group is
              context-free},
   JOURNAL = {Bull. Lond. Math. Soc.},
  FJOURNAL = {Bulletin of the London Mathematical Society},
    VOLUME = {39},
      YEAR = {2007},
    NUMBER = {2},
     PAGES = {235--241},
      ISSN = {0024-6093},
   MRCLASS = {20F10 (03D40 68Q45)},
  MRNUMBER = {2323454 (2008f:20064)},
MRREVIEWER = {Eric M. Freden},
       DOI = {10.1112/blms/bdl043},
       URL = {http://dx.doi.org/10.1112/blms/bdl043},
}

@article {Holt,
    AUTHOR = {Holt, Derek F. and Rees, Sarah and R{\"o}ver, Claas E. and
              Thomas, Richard M.},
     TITLE = {Groups with context-free co-word problem},
   JOURNAL = {J. London Math. Soc. (2)},
  FJOURNAL = {Journal of the London Mathematical Society. Second Series},
    VOLUME = {71},
      YEAR = {2005},
    NUMBER = {3},
     PAGES = {643--657},
      ISSN = {0024-6107},
     CODEN = {JLMSAK},
   MRCLASS = {20F10 (03D40)},
  MRNUMBER = {2132375 (2006a:20065)},
MRREVIEWER = {Friedrich Otto},
       DOI = {10.1112/S002461070500654X},
       URL = {http://dx.doi.org/10.1112/S002461070500654X},
}